<?xml version="1.0" encoding="UTF-8"?><collection xmlns="http://www.loc.gov/MARC21/slim"><record><leader>00416nam--2200145-i-4500</leader><controlfield tag="001">000012057</controlfield><controlfield tag="002">20161230</controlfield><controlfield tag="005">20170306225718</controlfield><controlfield tag="008">060222s1000------------r-----000-0-eng-d</controlfield><datafield ind1=" " ind2=" " tag="100"><subfield code="a">Desaintfuschien, Michel</subfield></datafield><datafield ind1=" " ind2=" " tag="245"><subfield code="a">Etude des effets de paroi dans le mager a hydrogene</subfield></datafield><datafield ind1=" " ind2=" " tag="260"><subfield code="a">Orsay</subfield><subfield code="b">L Universite Paris Xi Centre D Orsay</subfield><subfield code="c">1975</subfield></datafield><datafield ind1=" " ind2=" " tag="300"><subfield code="a">122 p</subfield></datafield><datafield ind1=" " ind2=" " tag="852"><subfield code="a">621.375.826(043)</subfield></datafield><datafield ind1=" " ind2=" " tag="CAT"><subfield code="a">SYS</subfield><subfield code="c">20170306</subfield><subfield code="h">225718</subfield></datafield></record></collection>